<record><leader>00000cas a2200000 a 4500</leader><controlfield tag="001">256491696</controlfield><controlfield tag="007">hd afu---bucu</controlfield><controlfield tag="008">080924d17321775scuwr nea     0    0eng c</controlfield><datafield ind1=" " ind2=" " tag="010"><subfield code="a">  2008253156</subfield></datafield><datafield ind1=" " ind2=" " tag="040"><subfield code="a">WAU</subfield><subfield code="b">eng</subfield><subfield code="c">WAU</subfield><subfield code="d">OCLCQ</subfield><subfield code="d">OCLCO</subfield><subfield code="d">OCLCF</subfield><subfield code="d">OCLCQ</subfield></datafield><datafield ind1=" " ind2=" " tag="042"><subfield code="a">pcc</subfield></datafield><datafield ind1=" " ind2=" " tag="043"><subfield code="a">n-us-sc</subfield></datafield><datafield ind1="0" ind2=" " tag="130"><subfield code="a">South-Carolina gazette (Charleston, S.C.)</subfield></datafield><datafield ind1="1" ind2="4" tag="245"><subfield code="a">The South-Carolina gazette.</subfield></datafield><datafield ind1=" " ind2=" " tag="260"><subfield code="a">Charlestown [S.C.] :</subfield><subfield code="b">T. Whitmarsh,</subfield><subfield code="c">1732-</subfield></datafield><datafield ind1=" " ind2=" " tag="300"><subfield code="a">volumes</subfield></datafield><datafield ind1=" " ind2=" " tag="310"><subfield code="a">Weekly</subfield></datafield><datafield ind1=" " ind2=" " tag="336"><subfield code="a">text</subfield><subfield code="b">txt</subfield><subfield code="2">rdacontent</subfield></datafield><datafield ind1=" " ind2=" " tag="337"><subfield code="a">microform</subfield><subfield code="b">h</subfield><subfield code="2">rdamedia</subfield></datafield><datafield ind1=" " ind2=" " tag="338"><subfield code="a">microfilm reel</subfield><subfield code="b">hd</subfield><subfield code="2">rdacarrier</subfield></datafield><datafield ind1="0" ind2=" " tag="362"><subfield code="a">No. 1 (Jan. 8, 1732)-no. 1608 (June 2, 1766) ; v. 32, no. 1609 (June 9, 1766)-v. 34, no. 1698 (Apr. 18, 1768) ; no. 1699 (Apr. 25, 1768)-</subfield></datafield><datafield ind1="0" ind2=" " tag="362"><subfield code="a">-no. 2054 (Dec. 18, 1775).</subfield></datafield><datafield ind1="4" ind2=" " tag="510"><subfield code="a">Brigham, C.S. Amer. newspapers</subfield><subfield code="c">p. 1037</subfield></datafield><datafield ind1=" " ind2=" " tag="515"><subfield code="a">Suspended Sept. 15, 1733-Jan. 26, 1734; Nov. 1, 1765-May 31, 1766; Feb. 1-Mar. 19, 1772.</subfield></datafield><datafield ind1=" " ind2=" " tag="515"><subfield code="a">Issue no. 1550 is for Mar. 31-Aug. 25, 1764. Issue no. 1551 is for Aug. 25-Oct. 1, 1764.</subfield></datafield><datafield ind1=" " ind2=" " tag="525"><subfield code="a">Has occasional extra editions called: Postscript to the South-Carolina gazette.</subfield></datafield><datafield ind1=" " ind2=" " tag="533"><subfield code="a">Microfilm.</subfield><subfield code="b">Ann Arbor, Mich. :</subfield><subfield code="c">UMI.</subfield><subfield code="e">1 microfilm reel ; 35 mm.</subfield><subfield code="f">(Early English books tract supplement ; C30:2[21]).</subfield><subfield code="n">Filmed with other titles.</subfield></datafield><datafield ind1=" " ind2="0" tag="651"><subfield code="a">Charleston (S.C.)</subfield><subfield code="v">Newspapers.</subfield></datafield><datafield ind1=" " ind2="0" tag="651"><subfield code="a">Charleston County (S.C.)</subfield><subfield code="v">Newspapers.</subfield></datafield><datafield ind1=" " ind2="7" tag="651"><subfield code="a">South Carolina</subfield><subfield code="z">Charleston.</subfield><subfield code="2">fast</subfield><subfield code="0">(OCoLC)fst01204603</subfield></datafield><datafield ind1=" " ind2="7" tag="651"><subfield code="a">South Carolina</subfield><subfield code="z">Charleston County.</subfield><subfield code="2">fast</subfield><subfield code="0">(OCoLC)fst01210029</subfield></datafield><datafield ind1=" " ind2="7" tag="655"><subfield code="a">Newspapers.</subfield><subfield code="2">fast</subfield><subfield code="0">(OCoLC)fst01423814</subfield></datafield><datafield ind1=" " ind2=" " tag="752"><subfield code="a">United States</subfield><subfield code="b">South Carolina</subfield><subfield code="c">Charleston</subfield><subfield code="d">Charleston.</subfield></datafield><datafield ind1="1" ind2=" " tag="776"><subfield code="c">Original</subfield><subfield code="w">(OCoLC)11286465</subfield></datafield><datafield ind1="0" ind2="0" tag="785"><subfield code="t">Gazette of the state of South-Carolina</subfield><subfield code="w">(DLC)sn 84026945</subfield><subfield code="w">(OCoLC)2261424</subfield></datafield><datafield ind1=" " ind2="0" tag="830"><subfield code="a">Early English books tract supplement ;</subfield><subfield code="v">C30:221.</subfield></datafield></record>